@book{Baeza1999,
     author = {Baeza-Yates, Ricardo A. and Ribeiro-Neto, Berthier},
      title = {Modern Information Retrieval},
       year = {1999},
        isbn = {020139829X},
	 publisher = {Addison-Wesley Longman Publishing Co., Inc.},
	  address = {Boston, MA, USA},
} 

@book{Witten1999,
     author = {Witten, Ian H. and Moffat, Alistair and Bell, Timothy C.},
      title = {Managing Gigabytes (2Nd Ed.): Compressing and Indexing Documents and Images},
       year = {1999},
        isbn = {1-55860-570-3},
	 publisher = {Morgan Kaufmann Publishers Inc.},
	  address = {San Francisco, CA, USA},
}

@misc{powermean,
    title = { ``Power Mean.'' From MathWorld--A Wolfram Web Resource. \url{http://mathworld.wolfram.com/PowerMean.html}},
    author = {Cantrell, David W. and Weisstein, Eric W.}
}

@misc{cplusplus,
       title={C++ Reference
	   	   \url{http://www.cplusplus.com/reference/unordered_map/unordered_map/}},
          year={2000},
}

@book{Cormen2001,
   author = {Cormen, Thomas H. and Stein, Clifford and Rivest, Ronald L. and Leiserson, Charles E.},
   title = {Introduction to Algorithms},
    year = {2001},
   isbn = {0070131511},
   edition = {2nd},
   publisher = {McGraw-Hill Higher Education},
}

@article{page1999pagerank,
      title={The PageRank citation ranking: Bringing order to the web.},
        author={Page, Lawrence and Brin, Sergey and Motwani, Rajeev and Winograd, Terry},
	  year={1999},
	    publisher={Stanford InfoLab}
}

@inproceedings{zaragoza2004microsoft,
      title={Microsoft Cambridge at TREC 13: Web and Hard Tracks.},
        author={Zaragoza, Hugo and Craswell, Nick and Taylor, Michael J and Saria, Suchi and Robertson, Stephen E},
	  booktitle={TREC},
	    volume={4},
	      pages={1--1},
	        year={2004},
		  organization={Citeseer}
}

